@misc{neto,
title = {Curso prático de extração, perfusão e acondicionamento de múltiplos órgãos para transplante},
author = {Neto, Ben-hur Ferraz and Afonso, Rogério Carballo and Thomé, Tadeu},
url = {http://docplayer.com.br/7523519-Curso-pratico-de-extracao-perfusao-e-acondicionamento-de-multiplos-orgaos-para-transplante.html},
year = {2017},
urlaccessdate = {24 out. 2017}
}
